<record><leader>00000cas a22000007a 4500</leader><controlfield tag="001">22122863</controlfield><controlfield tag="008">900723d191719uuohumr ne      0    0eng d</controlfield><datafield ind1=" " ind2=" " tag="010"><subfield code="a">sn 90068270 </subfield></datafield><datafield ind1=" " ind2=" " tag="040"><subfield code="a">ONP</subfield><subfield code="b">eng</subfield><subfield code="c">ONP</subfield><subfield code="d">OCLCQ</subfield></datafield><datafield ind1=" " ind2=" " tag="042"><subfield code="a">msc</subfield></datafield><datafield ind1="0" ind2=" " tag="130"><subfield code="a">Random shots (South Euclid, Ohio)</subfield></datafield><datafield ind1="1" ind2="0" tag="245"><subfield code="a">Random shots.</subfield></datafield><datafield ind1=" " ind2=" " tag="260"><subfield code="a">South Euclid, O. [Ohio] :</subfield><subfield code="b">H.E. Burdett</subfield></datafield><datafield ind1=" " ind2=" " tag="300"><subfield code="a">v.</subfield></datafield><datafield ind1=" " ind2=" " tag="310"><subfield code="a">Monthly</subfield></datafield><datafield ind1=" " ind2=" " tag="588"><subfield code="a">Description based on: Vol. 1, no. 3 (Feb. 1917).</subfield></datafield><datafield ind1=" " ind2=" " tag="752"><subfield code="a">United States</subfield><subfield code="b">Ohio</subfield><subfield code="c">Cuyahoga</subfield><subfield code="d">South Euclid.</subfield></datafield></record>